@article{example_1,
author = {Autor Artykulu 1, Autor Artykulu 2},
title = {Fajny albo i nie artykuł},
year = {2014},
journaltitle = {WETI PG}
}

@article{violaJones,
author = {Paul Viola, Michael Jones},
title = {Rapid Object Detection using a Boosted Cascade of Simple
Features},
year = {2001},
journaltitle = {Cambridge}
}

@online{example_2,
	author = {Jakis ziomek w internetach},
	title = {Przykładowy artykuł online},
	year = {2016},
	url = {https://pl.wikipedia.org/wiki/BibTeX},
	note = {Dostęp 8.12.2016}
}
@manual{providing_resources,
title = {https://developer.android.com/guide/topics/resources/providing-resources.html}
}
@manual{accessing_resources,
title = {https://developer.android.com/guide/topics/resources/accessing-resources.html}
}
@manual{activity,
title = {https://developer.android.com/reference/android/app/Activity.html}
}
@manual{intent,
title = {https://developer.android.com/reference/android/content/Intent.html}
}
@manual{toast,
title = {https://developer.android.com/reference/android/widget/Toast.html}
}
@manual{view,
title = {https://developer.android.com/reference/android/view/View.html}
}
@manual{edittext,
title = {https://developer.android.com/reference/android/widget/EditText.html}
}
@manual{expandablelistview,
title = {https://developer.android.com/reference/android/widget/ExpandableListView.html}
}
@manual{spinner,
title = {https://developer.android.com/reference/android/widget/Spinner.html}
}
@manual{textview,
title = {https://developer.android.com/reference/android/widget/TextView.html}
}
@manual{button,
title = {https://developer.android.com/reference/android/widget/Button.html}
}
@manual{vibrator,
title = {https://developer.android.com/reference/android/os/Vibrator.html}
}
@manual{checkbox,
title = {https://developer.android.com/reference/android/widget/CheckBox.html}
}
@manual{adapter,
title = {https://developer.android.com/reference/android/widget/Adapter.html}
}
@manual{adapterview,
title = {https://developer.android.com/reference/android/widget/AdapterView.html}
}
@manual{service,
title = {https://developer.android.com/reference/android/app/Service.html}
}
@manual{manifest,
title = {https://developer.android.com/guide/topics/manifest/manifest-intro.html}
}
@manual{constraintlayout,
title = {https://developer.android.com/reference/android/support/constraint/ConstraintLayout.html}
}
@manual{nfcspecification,
title = {https://nfc-forum.org/our-work/specifications-and-application-documents/}
}
@manual{faceDetectionOpenCV,
title = {https://docs.opencv.org/3.3.0/d7/d8b/tutorial\_py\_face\_detection.html}
}
@manual{sumPixelsDoc,
title = {https://www.researchgate.net/publication/262936238\_Obscenity\_Detection\_Using\_Haar-Like\_Features\_and\_Gentle\_Adaboost\_Classifier}
}
@manual{AdaBoostClasifire,
title = {https://www.cse.buffalo.edu/~jcorso/t/CSE555/files/lecture\_boosting.pdf}
}

@manual{OpenCVSource,
title = {https://github.com/opencv/opencv}
}

@manual{imageNetOrg,
title = {http://www.image-net.org/}
}

@manual{mergeVec,
title = {https://github.com/wulfebw/mergevec}
}
@manual{sumAreaTable,
title = {https://en.wikipedia.org/wiki/Summed-area_table}
}
